%! Author = User
%! Date = 30/10/2025

